<record><leader>00000cas a22000007a 4500</leader><controlfield tag="001">19471113</controlfield><controlfield tag="008">890329d18971908nduwr ne      0    0eng d</controlfield><datafield ind1=" " ind2=" " tag="010"><subfield code="a">sn 88076423 </subfield></datafield><datafield ind1=" " ind2=" " tag="040"><subfield code="a">NOP</subfield><subfield code="b">eng</subfield><subfield code="c">NOP</subfield><subfield code="d">OCLCQ</subfield></datafield><datafield ind1=" " ind2=" " tag="042"><subfield code="a">msc</subfield></datafield><datafield ind1="0" ind2=" " tag="130"><subfield code="a">Wells County free press (Fessenden, N.D. : 1897)</subfield></datafield><datafield ind1="1" ind2="0" tag="245"><subfield code="a">Wells County free press.</subfield></datafield><datafield ind1=" " ind2=" " tag="260"><subfield code="a">Fessenden, Wells County, N.D. :</subfield><subfield code="b">Wells County Pub. Co.</subfield></datafield><datafield ind1=" " ind2=" " tag="300"><subfield code="a">v. :</subfield><subfield code="b">ill. ;</subfield><subfield code="c">55 cm.</subfield></datafield><datafield ind1=" " ind2=" " tag="310"><subfield code="a">Weekly</subfield></datafield><datafield ind1="1" ind2=" " tag="362"><subfield code="a">Began Oct. 22, 1897.</subfield></datafield><datafield ind1="0" ind2=" " tag="362"><subfield code="a">-v. 12, no. 1 (Oct. 9, 1908).</subfield></datafield><datafield ind1=" " ind2=" " tag="530"><subfield code="a">Available on microfilm from the State Historical Society of North Dakota.</subfield></datafield><datafield ind1=" " ind2=" " tag="588"><subfield code="a">Description based on: Vol. 1, no. 5 (Nov. 19, 1897).</subfield></datafield><datafield ind1=" " ind2=" " tag="752"><subfield code="a">United States</subfield><subfield code="b">North Dakota</subfield><subfield code="c">Wells</subfield><subfield code="d">Fessenden.</subfield></datafield><datafield ind1="0" ind2="7" tag="785"><subfield code="t">Wells County news (Fessenden, N.D.)</subfield><subfield code="w">(DLC)sn 88076426</subfield></datafield><datafield ind1="0" ind2="7" tag="785"><subfield code="t">Wells County free press and Wells County news</subfield><subfield code="w">(DLC)sn 88076424</subfield></datafield><datafield ind1="1" ind2=" " tag="029"><subfield code="a">AU@</subfield><subfield code="b">000025838261</subfield></datafield></record>